<record><leader>00000cas a2200000 a 4500</leader><controlfield tag="001">7859109</controlfield><controlfield tag="007">hd afv---baca</controlfield><controlfield tag="008">811020d18171824mauwr nea     0    0eng d</controlfield><datafield ind1=" " ind2=" " tag="010"><subfield code="a">sf 88092831 </subfield></datafield><datafield ind1=" " ind2=" " tag="040"><subfield code="a">MUU</subfield><subfield code="b">eng</subfield><subfield code="c">MUU</subfield><subfield code="d">PES</subfield><subfield code="d">DLC</subfield><subfield code="d">NST</subfield><subfield code="d">FUG</subfield><subfield code="d">OCL</subfield><subfield code="d">OCLCQ</subfield><subfield code="d">DLC</subfield><subfield code="d">OCLCQ</subfield><subfield code="d">DLC</subfield><subfield code="d">OCLCF</subfield><subfield code="d">OCLCO</subfield></datafield><datafield ind1=" " ind2=" " tag="012"><subfield code="i">9206</subfield></datafield><datafield ind1="1" ind2=" " tag="029"><subfield code="a">AU@</subfield><subfield code="b">000020128617</subfield></datafield><datafield ind1=" " ind2=" " tag="042"><subfield code="a">msc</subfield></datafield><datafield ind1="0" ind2="4" tag="082"><subfield code="a">051</subfield><subfield code="b">A51p2</subfield></datafield><datafield ind1="0" ind2=" " tag="130"><subfield code="a">Boston recorder (1817)</subfield></datafield><datafield ind1="0" ind2="0" tag="245"><subfield code="a">Boston recorder</subfield><subfield code="h">[microform].</subfield></datafield><datafield ind1="1" ind2="3" tag="246"><subfield code="a">Recorder</subfield></datafield><datafield ind1=" " ind2=" " tag="260"><subfield code="a">Boston :</subfield><subfield code="b">[N. Willis,</subfield><subfield code="c">1817-1824]</subfield></datafield><datafield ind1=" " ind2=" " tag="300"><subfield code="a">8 v. ;</subfield><subfield code="c">52-55 cm.</subfield></datafield><datafield ind1=" " ind2=" " tag="310"><subfield code="a">Weekly</subfield></datafield><datafield ind1="0" ind2=" " tag="362"><subfield code="a">Vol. 2, no. 1 (Jan. 7, 1817)-v. 9, no. 52 (Dec. 25, 1824).</subfield></datafield><datafield ind1=" " ind2=" " tag="500"><subfield code="a">Founded by Nathaniel Willis and Sidney E. Morse as the Recorder in 1816, this Congregationalist magazine presented religious news, including accounts of the proceedings of Bible societies, missionary societies, tract societies, and moral societies, and extensive coverage of missionary work. In addition to religious matter, it published American and foreign state papers, a journal of Congress, news, geographical and statistical material on foreign countries, new book notices, agricultural reports, anecdotes, and articles on education, intemperance, and other topics. Poetry included Nathaniel Parker Willis's biblical poems. Cf. American periodicals, 1741-1900.</subfield></datafield><datafield ind1=" " ind2=" " tag="500"><subfield code="a">Title from caption.</subfield></datafield><datafield ind1=" " ind2=" " tag="533"><subfield code="a">Microfilm.</subfield><subfield code="b">Ann Arbor, Mich. :</subfield><subfield code="c">University Microfilms,</subfield><subfield code="d">1949, [n.d.].</subfield><subfield code="e">6 microfilm reels ; 35 mm.</subfield><subfield code="f">(American periodical series, 1800-1850 ; 97-99, 539-541).</subfield></datafield><datafield ind1=" " ind2="0" tag="650"><subfield code="a">Congregational churches</subfield><subfield code="v">Newspapers.</subfield></datafield><datafield ind1=" " ind2="0" tag="651"><subfield code="a">Boston (Mass.)</subfield><subfield code="v">Newspapers.</subfield></datafield><datafield ind1=" " ind2="0" tag="651"><subfield code="a">Suffolk County (Mass.)</subfield><subfield code="v">Newspapers.</subfield></datafield><datafield ind1=" " ind2="7" tag="655"><subfield code="a">Newspapers.</subfield><subfield code="2">fast</subfield><subfield code="0">(OCoLC)fst01423814</subfield></datafield><datafield ind1=" " ind2="7" tag="650"><subfield code="a">Congregational churches.</subfield><subfield code="2">fast</subfield><subfield code="0">(OCoLC)fst00875181</subfield></datafield><datafield ind1=" " ind2="7" tag="651"><subfield code="a">Massachusetts</subfield><subfield code="z">Boston.</subfield><subfield code="2">fast</subfield><subfield code="0">(OCoLC)fst01205012</subfield></datafield><datafield ind1=" " ind2="7" tag="651"><subfield code="a">Massachusetts</subfield><subfield code="z">Suffolk County.</subfield><subfield code="2">fast</subfield><subfield code="0">(OCoLC)fst01206189</subfield></datafield><datafield ind1=" " ind2=" " tag="752"><subfield code="a">United States</subfield><subfield code="b">Massachusetts</subfield><subfield code="c">Suffolk</subfield><subfield code="d">Boston.</subfield></datafield><datafield ind1="1" ind2=" " tag="776"><subfield code="t">Boston recorder (Boston, Mass. : 1817)</subfield><subfield code="x">2157-1058</subfield><subfield code="w">(DLC)sn 85047620</subfield><subfield code="w">(OCoLC)7792198</subfield></datafield><datafield ind1="0" ind2="0" tag="780"><subfield code="t">Recorder (Boston, Mass.)</subfield><subfield code="w">(OCoLC)7859071</subfield></datafield><datafield ind1="0" ind2="0" tag="785"><subfield code="t">Recorder &amp; telegraph</subfield><subfield code="w">(DLC)sf 88091674</subfield><subfield code="w">(OCoLC)7859374</subfield></datafield><datafield ind1=" " ind2="0" tag="830"><subfield code="a">American periodical series, 1800-1850 ;</subfield><subfield code="v">97-99, 539-541.</subfield></datafield><datafield ind1=" " ind2=" " tag="850"><subfield code="a">FU</subfield><subfield code="a">NcD</subfield></datafield></record>